
@article{farrell2021deep,
  title={Deep neural networks for estimation and inference},
  author={Farrell, Max H and Liang, Tengyuan and Misra, Sanjog},
  journal={Econometrica},
  volume={89},
  number={1},
  pages={181--213},
  year={2021},
  publisher={Wiley Online Library}
}

@article{frodermann2023parental,
  title={Parental leave policy and long-run earnings of mothers},
  author={Frodermann, Corinna and Wrohlich, Katharina and Zucco,Aline},
  journal={Labour Economics},
  volume={80},
  pages={102296},
  year={2023},
  publisher={Elsevier}
}

@unpublished{GaudeckerEconProjectTemplates,
  author = {Hans-Martin von Gaudecker},
  note   = {\url{https://doi.org/10.5281/zenodo.7780520}},
  title  = {Templates for Reproducible Research Projects in Economics},
  year   = {2023}
}

@article{GaudeckerSoestWengstrom11prefhet,
  author  = {Hans-Martin von Gaudecker and Arthur van Soest and Erik Wengstr√∂m},
  journal = {American Economic Review},
  month   = {April},
  number  = {2},
  pages   = {664-694},
  title   = {Heterogeneity in Risky Choice Behaviour in a Broad Population},
  volume  = {101},
  year    = {2011}
}
